@book{10.5555/3294495,
author = {Akenine-Mller, Tomas and Haines, Eric and Hoffman, Naty},
title = {Real-Time Rendering, Fourth Edition},
year = {2018},
isbn = {0134997832},
publisher = {A. K. Peters, Ltd.},
address = {USA},
edition = {4th}
}
